<?xml version="1.0" encoding="UTF-8" ?><marc:collection xmlns:marc="http://www.loc.gov/MARC21/slim" xmlns:xsi="http://www.w3.org/2001/XMLSchema-instance" xsi:schemaLocation="http://www.loc.gov/MARC21/slim http://www.loc.gov/standards/marcxml/schema/MARC21slim.xsd">
<marc:record><marc:leader>01632cpc a2200373Ia 4500</marc:leader>
<marc:controlfield tag="001">002156496</marc:controlfield>
<marc:controlfield tag="003">OCoLC</marc:controlfield><marc:controlfield tag="005">20121031132329.0</marc:controlfield><marc:controlfield tag="008">960813i18191840vp                  eng d</marc:controlfield><marc:datafield tag="035" ind1=" " ind2=" "><marc:subfield code="a">35231275</marc:subfield></marc:datafield><marc:datafield tag="040" ind1=" " ind2=" "><marc:subfield code="a">NDK</marc:subfield><marc:subfield code="c">NDK</marc:subfield></marc:datafield><marc:datafield tag="049" ind1=" " ind2=" "><marc:subfield code="a">NDNX</marc:subfield></marc:datafield><marc:datafield tag="096" ind1=" " ind2=" "><marc:subfield code="a">x</marc:subfield></marc:datafield><marc:datafield tag="100" ind1="1" ind2=" "><marc:subfield code="a">Parsons, Usher,</marc:subfield><marc:subfield code="d">1788-1868.</marc:subfield></marc:datafield><marc:datafield tag="245" ind1="1" ind2="0"><marc:subfield code="a">Papers,</marc:subfield><marc:subfield code="f">1819-1840.</marc:subfield></marc:datafield><marc:datafield tag="300" ind1=" " ind2=" "><marc:subfield code="a">15</marc:subfield><marc:subfield code="f">items.</marc:subfield></marc:datafield><marc:datafield tag="520" ind1="8" ind2=" "><marc:subfield code="a">ALS. Personal and professional correspondence includes letters from R.N.D. Desgenettes, Jeffries Wyman, John Jeffries, John Collins Warren, James Thacher, Thomas M. Potter, George Hayward, John Witt Randall, Enoch Hale, John White Webster, Jerome van Crowninshield Smith, John D. Fisher, James Jackson and J.B. Whitridge. Papers also include a letter from Parsons to his brother-in-law, Oliver Wendell Holmes.</marc:subfield></marc:datafield><marc:datafield tag="500" ind1=" " ind2=" "><marc:subfield code="a">Forms part of the Trent Manuscripts Collection.</marc:subfield></marc:datafield><marc:datafield tag="545" ind1=" " ind2=" "><marc:subfield code="a">U. S. naval surgeon.</marc:subfield></marc:datafield><marc:datafield tag="710" ind1="2" ind2=" "><marc:subfield code="a">History of Medicine Collections (Duke University)</marc:subfield></marc:datafield><marc:datafield tag="700" ind1="1" ind2="2"><marc:subfield code="a">Desgenettes, R.</marc:subfield><marc:subfield code="q">(René),</marc:subfield><marc:subfield code="d">1762-1837.</marc:subfield></marc:datafield><marc:datafield tag="700" ind1="1" ind2="2"><marc:subfield code="a">Wyman, Jeffries,</marc:subfield><marc:subfield code="d">1814-1874.</marc:subfield></marc:datafield><marc:datafield tag="700" ind1="1" ind2="2"><marc:subfield code="a">Jeffries, John,</marc:subfield><marc:subfield code="d">1796-1876.</marc:subfield></marc:datafield><marc:datafield tag="700" ind1="1" ind2="2"><marc:subfield code="a">Warren, John Collins,</marc:subfield><marc:subfield code="d">1778-1856.</marc:subfield></marc:datafield><marc:datafield tag="700" ind1="1" ind2="2"><marc:subfield code="a">Thacher, James,</marc:subfield><marc:subfield code="d">1754-1844.</marc:subfield></marc:datafield><marc:datafield tag="700" ind1="1" ind2="2"><marc:subfield code="a">Hayward, George,</marc:subfield><marc:subfield code="d">1791-1863.</marc:subfield></marc:datafield><marc:datafield tag="700" ind1="1" ind2="2"><marc:subfield code="a">Randall, John Witt,</marc:subfield><marc:subfield code="d">1813-1892.</marc:subfield></marc:datafield><marc:datafield tag="700" ind1="1" ind2="2"><marc:subfield code="a">Hale, E.</marc:subfield><marc:subfield code="q">(Enoch),</marc:subfield><marc:subfield code="d">1790-1848.</marc:subfield></marc:datafield><marc:datafield tag="700" ind1="1" ind2="2"><marc:subfield code="a">Webster, John White,</marc:subfield><marc:subfield code="d">1793-1850.</marc:subfield></marc:datafield><marc:datafield tag="700" ind1="1" ind2="2"><marc:subfield code="a">Smith, Jerome Van Crowninshield,</marc:subfield><marc:subfield code="d">1800-1879.</marc:subfield></marc:datafield><marc:datafield tag="700" ind1="1" ind2="2"><marc:subfield code="a">Fisher, John D.</marc:subfield><marc:subfield code="q">(John Dix),</marc:subfield><marc:subfield code="d">1797-1850.</marc:subfield></marc:datafield><marc:datafield tag="700" ind1="1" ind2="2"><marc:subfield code="a">Jackson, James,</marc:subfield><marc:subfield code="d">1777-1867.</marc:subfield></marc:datafield><marc:datafield tag="700" ind1="1" ind2="2"><marc:subfield code="a">Whitridge, Joshua Barker,</marc:subfield><marc:subfield code="d">1789-1865.</marc:subfield></marc:datafield><marc:datafield tag="700" ind1="1" ind2=" "><marc:subfield code="a">Holmes, Oliver Wendell,</marc:subfield><marc:subfield code="d">1809-1894.</marc:subfield></marc:datafield></marc:record>
</marc:collection>
